@ARTICLE{1,
  author  = {Hu, Y. and Palreddy, S. and Tompkins, W.}
  title   = {A patient adaptable ECG beat classifier using a mixture of experts approach},
  journal = {IEEE Transactions on Biomedical Engineering}, 
  volume  = {44},
  year    = {1997},
  pages   = {891-900}
}
@ARTICLE{2,
  author  = {Minami, K. and Nakajima, H. and Toyoshima, T.}
  title   = {Real-time discrimination of ventricular tachyarrhythmia with Fourier-transform neural network},
  journal = {IEEE Transactions on Biomedical Engineering}, 
  volume  = {46},
  year    = {1999},
  pages   = {179-185}
}
@ARTICLE{3,
  author  = {Thakor, N. and Zhu, Y. and Pan, K.}
  title   = {Ventricular tachycardia and fibrillation detection by a sequential hypothesis testing algorithm},
  journal = {IEEE Transactions on Biomedical Engineering}, 
  volume  = {37},
  year    = {1990},
  pages   = {837-843}
}
@ARTICLE{4,
  author  = {Y. Hu and S. Palreddy, and W. Tompkins}
  title   = {A patient adaptable ECG beat classifier using a mixture of experts approach},
  journal = {IEEE Transactions on Biomedical Engineering}, 
  volume  = {44},
  year    = {1997},
  pages   = {891-900}
}
@ARTICLE{5,
  author  = {Willems, J. and Lesaffre, E.}
  title   = {Comparison of multigroup logistic and linear discriminant ECG and VCG classification},
  journal = { Journal of Electrocardiology}, 
  volume  = {20},
  year    = {1987},
  pages   = {83-92}
}
@ARTICLE{6,
  author  = {Y. Hu and S. Palreddy, and W. Tompkins}
  title   = {A patient adaptable ECG beat classifier using a mixture of experts approach},
  journal = {IEEE Transactions on Biomedical Engineering}, 
  volume  = {44},
  year    = {1997},
  pages   = {891-900}
}
@ARTICLE{vanderGeeretal2000,
  author  = {van der Geer, J. and Hanraads, J. A. J. and Lupton, R. A.},
  title   = {The art of writing a scientific article},
  journal = {J. Sci. Commun.}, 
  volume  = {163},
  year    = {2000},
  pages   = {51-59}
}
@ARTICLE{vanderGeeretal2000,
  author  = {van der Geer, J. and Hanraads, J. A. J. and Lupton, R. A.},
  title   = {The art of writing a scientific article},
  journal = {J. Sci. Commun.}, 
  volume  = {163},
  year    = {2000},
  pages   = {51-59}
}
@ARTICLE{vanderGeeretal2000,
  author  = {van der Geer, J. and Hanraads, J. A. J. and Lupton, R. A.},
  title   = {The art of writing a scientific article},
  journal = {J. Sci. Commun.}, 
  volume  = {163},
  year    = {2000},
  pages   = {51-59}
}
@ARTICLE{vanderGeeretal2000,
  author  = {van der Geer, J. and Hanraads, J. A. J. and Lupton, R. A.},
  title   = {The art of writing a scientific article},
  journal = {J. Sci. Commun.}, 
  volume  = {163},
  year    = {2000},
  pages   = {51-59}
}
@BOOK{StrunkWhite1979,
  author  = {Strunk Jr., W. and White, E. B.},
  title   = {The Elements of Style},
  edition = {3rd},
  address = {New York, NY},
  publisher = {Macmillan},
  year    = {1979}
}

@INCOLLECTION{MettamAdams1999,
  author  = {Mettam, G. R. and Adams, L. B.},
  title   = {How to prepare an electronic version of your article},
  editor  = {Jones, B. S. and Smith, R. Z.},
  booktitle = {Introduction to the Electronic Age},
  address = {New York, NY},
  publisher = {E-Publishing Inc.},
  year    = {1999},
  pages   = {281-304}
}
